@book{guzman2007,
	author = {Medina Guzman, Hugo},
	title = {Física 3},
	date = {2007, julio},
	OPTlocation = {Perú, Lima},
}

@online{etitudela2016,
	ALTauthor = {Etitudela},
	ALTeditor = {Etitudela},
	title = {Carga y Campo eléctricos},
	date = {2016},
	url = {http://www.etitudela.com/Electrotecnia/curriculum.html},
	OPTyear = {2016},
}

@report{martinez,
	author = {Martinez Garcia, Domingo},
	title = {Electroscopio, carga eléctrica, inducción de carga y polarización.},
	type = {Electromagnetismo},
	institution = {Universidad de Valencia},
 {https://www.uv.es/uvweb/fisica/es/catalogo-demos/electromagnetismo/cuerpos-cargados-electroscopio-1286053998309/DemoExp.html?id=1286104834696#:~:text=La%20bolita%20del%20electroscopio%20adquiere%20carga%20neta%20negativa%20(electrones%20atra%C3%ADdos,gire%2C%20separ%C3%A1ndose%20del%20soporte%20central},
}

@book{electrostática,
	author = {Marani, Silavana and Godino, Maria and Olivia, Alicia and Lezcano, Claudia},
	title = {Electrostática y electricidad},
}







